<?xml version="1.0" encoding="UTF-8"?><collection xmlns="http://www.loc.gov/MARC21/slim"><record><leader>00439nam--2200145-i-4500</leader><controlfield tag="001">000028412</controlfield><controlfield tag="002">20161230</controlfield><controlfield tag="005">20170125170947</controlfield><controlfield tag="008">060222s1000------------r-----000-0-eng-d</controlfield><datafield ind1=" " ind2=" " tag="100"><subfield code="a">Lange, Bruno</subfield></datafield><datafield ind1=" " ind2=" " tag="245"><subfield code="a">Kolorimetrische analyse mit besonderer berucksichtigung der lichtelektrischen kolorimetrie</subfield></datafield><datafield ind1=" " ind2=" " tag="260"><subfield code="a">Berlin</subfield><subfield code="b">Verlag Chemie</subfield><subfield code="c">1941</subfield></datafield><datafield ind1=" " ind2=" " tag="300"><subfield code="a">XX + 448 p., 76 fig. Si 21 Tabellen</subfield></datafield><datafield ind1=" " ind2=" " tag="852"><subfield code="a">556</subfield></datafield><datafield ind1=" " ind2=" " tag="CAT"><subfield code="a">SYS</subfield><subfield code="c">20170125</subfield><subfield code="h">170947</subfield></datafield></record></collection>